<record><leader>03895cas a2200517I  4500</leader><controlfield tag="001">000061269</controlfield><controlfield tag="003">MiAaHDL</controlfield><controlfield tag="005">20170214000000.0</controlfield><controlfield tag="006">m        d        </controlfield><controlfield tag="007">cr bn ---auaua</controlfield><controlfield tag="008">751019d19181943dcuar        f0    1eng u</controlfield><datafield tag="010" ind1=" " ind2=" "><subfield code="a">18015383</subfield></datafield><datafield tag="035" ind1=" " ind2=" "><subfield code="a">sdr-osu.b11507767</subfield></datafield><datafield tag="035" ind1=" " ind2=" "><subfield code="a">sdr-miu.990000612690106381</subfield></datafield><datafield tag="035" ind1=" " ind2=" "><subfield code="a">sdr-umn002215880</subfield></datafield><datafield tag="035" ind1=" " ind2=" "><subfield code="a">sdr-chi2204248</subfield></datafield><datafield tag="035" ind1=" " ind2=" "><subfield code="a">0623111</subfield></datafield><datafield tag="040" ind1=" " ind2=" "><subfield code="c">MUL</subfield><subfield code="d">UCU</subfield><subfield code="d">m.c</subfield></datafield><datafield tag="090" ind1="0" ind2="0"><subfield code="a">Q11</subfield><subfield code="b">.N29</subfield></datafield><datafield tag="090" ind1=" " ind2=" "><subfield code="a">Q11</subfield><subfield code="b">.N29</subfield></datafield><datafield tag="035" ind1=" " ind2=" "><subfield code="a">(OCoLC)1713668</subfield></datafield><datafield tag="035" ind1=" " ind2=" "><subfield code="a">(OCoLC)191709580</subfield></datafield><datafield tag="110" ind1="2" ind2=" "><subfield code="a">National Research Council (U.S.)</subfield></datafield><datafield tag="245" ind1="0" ind2="0"><subfield code="a">Report.</subfield></datafield><datafield tag="247" ind1="0" ind2="0"><subfield code="a">Annual report</subfield><subfield code="f">1915/18-1921 (2d-6th)</subfield></datafield><datafield tag="260" ind1=" " ind2=" "><subfield code="a">Washington,</subfield><subfield code="b">Government printing office.</subfield></datafield><datafield tag="500" ind1=" " ind2=" "><subfield code="a">National Academy of Sciences, Washington, D. C./-Annual report.</subfield></datafield><datafield tag="500" ind1=" " ind2=" "><subfield code="a">Beginning with report for 1943/44, this publication is catalogued and shelved under National Academy of Sciences, Washington, D.C. Annual report.</subfield></datafield><datafield tag="500" ind1=" " ind2=" "><subfield code="a">The second report includes a financial summary for Sept. 1, 1916 to Mar. 1, 1918 (18 months); the 3d- 5th reports, 1918-1920, are for the calendar year; the 6th-    1921-    are each for the year ending June 30 (this the 6th covers only the period from Jan.-June 1921)</subfield></datafield><datafield tag="500" ind1=" " ind2=" "><subfield code="a">The first report was not issued separately, but is included in the Report of the National academy of scien ces for 1916; subsequent reports are continued in the Report of the academy and are also published in sepa rate form. The preliminary report of the organizing committee of the council and minutes of the meetings of the executive board are issued regularly in the Proceedings of the academy beginning with v. 2.</subfield></datafield><datafield tag="538" ind1=" " ind2=" "><subfield code="a">Mode of access: Internet.</subfield></datafield><datafield tag="650" ind1=" " ind2="0"><subfield code="a">Research, Industrial.</subfield></datafield><datafield tag="650" ind1=" " ind2="0"><subfield code="a">Research.</subfield></datafield><datafield tag="710" ind1="2" ind2="2"><subfield code="a">National Research Council (U.S.).</subfield><subfield code="t">Annual report.</subfield></datafield><datafield tag="CID" ind1=" " ind2=" "><subfield code="a">000061269</subfield></datafield><datafield tag="DAT" ind1="0" ind2=" "><subfield code="a">19930320083754.0</subfield><subfield code="b">20170214000000.0</subfield></datafield><datafield tag="DAT" ind1="1" ind2=" "><subfield code="a">20170214090644.0</subfield><subfield code="b">2020-12-06T18:42:11Z</subfield></datafield><datafield tag="CAT" ind1=" " ind2=" "><subfield code="a">SDR-OSU</subfield><subfield code="d">III - SIERRA</subfield><subfield code="l">prepare.pl-004-007</subfield></datafield><datafield tag="FMT" ind1=" " ind2=" "><subfield code="a">SE</subfield></datafield><datafield tag="HOL" ind1=" " ind2=" "><subfield code="0">sdr-osu.b11507767</subfield><subfield code="a">osu</subfield><subfield code="b">SDR</subfield><subfield code="c">OSU</subfield><subfield code="p">osu.32435026021519</subfield><subfield code="s">OU</subfield><subfield code="z">1916-1918</subfield><subfield code="1">.b11507767</subfield></datafield><datafield tag="974" ind1=" " ind2=" "><subfield code="b">OU</subfield><subfield code="c">OSU</subfield><subfield code="d">20201206</subfield><subfield code="s">google</subfield><subfield code="u">osu.32435026021519</subfield><subfield code="z">1916-1918</subfield><subfield code="y">1918</subfield><subfield code="r">pd</subfield><subfield code="q">bib</subfield><subfield code="t">US fed doc--national research council: pubdate &lt; 1927</subfield></datafield><datafield tag="974" ind1=" " ind2=" "><subfield code="b">OU</subfield><subfield code="c">OSU</subfield><subfield code="d">20201206</subfield><subfield code="s">google</subfield><subfield code="u">osu.32435026021501</subfield><subfield code="z">1918-1920</subfield><subfield code="y">1920</subfield><subfield code="r">pd</subfield><subfield code="q">bib</subfield><subfield code="t">US fed doc--national research council: pubdate &lt; 1927</subfield></datafield><datafield tag="974" ind1=" " ind2=" "><subfield code="b">OU</subfield><subfield code="c">OSU</subfield><subfield code="d">20201206</subfield><subfield code="s">google</subfield><subfield code="u">osu.32435064205511</subfield><subfield code="z">1921 1921</subfield><subfield code="y">1921</subfield><subfield code="r">pd</subfield><subfield code="q">bib</subfield><subfield code="t">US fed doc--national research council: pubdate &lt; 1927</subfield></datafield><datafield tag="974" ind1=" " ind2=" "><subfield code="b">OU</subfield><subfield code="c">OSU</subfield><subfield code="d">20190725</subfield><subfield code="s">google</subfield><subfield code="u">osu.32435061124988</subfield><subfield code="z">1922-1923 1922-1923</subfield><subfield code="y">1923</subfield><subfield code="r">pd</subfield><subfield code="q">bib</subfield><subfield code="t">US fed doc--national research council: pubdate &lt; 1927</subfield></datafield><datafield tag="974" ind1=" " ind2=" "><subfield code="b">OU</subfield><subfield code="c">OSU</subfield><subfield code="d">20220102</subfield><subfield code="s">google</subfield><subfield code="u">osu.32435061124939</subfield><subfield code="z">1923-1926 1923-1926</subfield><subfield code="y">1926</subfield><subfield code="r">pd</subfield><subfield code="q">bib</subfield><subfield code="t">US fed doc--national research council: pubdate &lt; 1927</subfield></datafield><datafield tag="974" ind1=" " ind2=" "><subfield code="b">OU</subfield><subfield code="c">OSU</subfield><subfield code="d">20201029</subfield><subfield code="s">google</subfield><subfield code="u">osu.32435061124889</subfield><subfield code="z">1926-1927 1926-1927</subfield><subfield code="y">1927</subfield><subfield code="r">pdus</subfield><subfield code="q">gfv</subfield></datafield><datafield tag="974" ind1=" " ind2=" "><subfield code="b">OU</subfield><subfield code="c">OSU</subfield><subfield code="d">20191110</subfield><subfield code="s">google</subfield><subfield code="u">osu.32435061124830</subfield><subfield code="z">1927-1930 1927-1930</subfield><subfield code="y">1930</subfield><subfield code="r">pdus</subfield><subfield code="q">gfv</subfield></datafield><datafield tag="974" ind1=" " ind2=" "><subfield code="b">OU</subfield><subfield code="c">OSU</subfield><subfield code="d">20190929</subfield><subfield code="s">google</subfield><subfield code="u">osu.32435061124780</subfield><subfield code="z">1930-1933 1930-1933</subfield><subfield code="y">1933</subfield><subfield code="r">pdus</subfield><subfield code="q">gfv</subfield></datafield><datafield tag="974" ind1=" " ind2=" "><subfield code="b">OU</subfield><subfield code="c">OSU</subfield><subfield code="d">20191110</subfield><subfield code="s">google</subfield><subfield code="u">osu.32435061124731</subfield><subfield code="z">1933-1936 1933-1936</subfield><subfield code="y">1936</subfield><subfield code="r">pdus</subfield><subfield code="q">gfv</subfield></datafield><datafield tag="974" ind1=" " ind2=" "><subfield code="b">OU</subfield><subfield code="c">OSU</subfield><subfield code="d">20191110</subfield><subfield code="s">google</subfield><subfield code="u">osu.32435061124632</subfield><subfield code="z">1937-1939 1937-1939</subfield><subfield code="y">1939</subfield><subfield code="r">pdus</subfield><subfield code="q">gfv</subfield></datafield><datafield tag="974" ind1=" " ind2=" "><subfield code="b">OU</subfield><subfield code="c">OSU</subfield><subfield code="d">20190929</subfield><subfield code="s">google</subfield><subfield code="u">osu.32435061125126</subfield><subfield code="z">1940-1941</subfield><subfield code="y">1941</subfield><subfield code="r">pdus</subfield><subfield code="q">gfv</subfield></datafield><datafield tag="974" ind1=" " ind2=" "><subfield code="b">OU</subfield><subfield code="c">OSU</subfield><subfield code="d">20190929</subfield><subfield code="s">google</subfield><subfield code="u">osu.32435061125076</subfield><subfield code="z">1941-1944</subfield><subfield code="y">1944</subfield><subfield code="r">pdus</subfield><subfield code="q">gfv</subfield></datafield><datafield tag="974" ind1=" " ind2=" "><subfield code="b">OU</subfield><subfield code="c">OSU</subfield><subfield code="d">20210209</subfield><subfield code="s">google</subfield><subfield code="u">osu.32435064205610</subfield><subfield code="z">1944-1946 1944-1946</subfield><subfield code="y">1946</subfield><subfield code="r">pdus</subfield><subfield code="q">gfv</subfield></datafield><datafield tag="974" ind1=" " ind2=" "><subfield code="b">OU</subfield><subfield code="c">OSU</subfield><subfield code="d">20210207</subfield><subfield code="s">google</subfield><subfield code="u">osu.32435064205560</subfield><subfield code="z">1966-1967 1966-1967</subfield><subfield code="y">1967</subfield><subfield code="r">pdus</subfield><subfield code="q">gfv</subfield></datafield><datafield tag="974" ind1=" " ind2=" "><subfield code="b">MIU</subfield><subfield code="c">MIU</subfield><subfield code="d">20220102</subfield><subfield code="s">google</subfield><subfield code="u">mdp.39015035439630</subfield><subfield code="z">1919-1926 Jun incomplete</subfield><subfield code="y">1926</subfield><subfield code="r">pd</subfield><subfield code="q">bib</subfield><subfield code="t">US fed doc--national research council: pubdate &lt; 1927</subfield></datafield><datafield tag="974" ind1=" " ind2=" "><subfield code="b">MIU</subfield><subfield code="c">MIU</subfield><subfield code="d">20210918</subfield><subfield code="s">google</subfield><subfield code="u">mdp.39015035439648</subfield><subfield code="z">1926 Jul - 1934 Jun</subfield><subfield code="y">1934</subfield><subfield code="r">ic</subfield><subfield code="q">bib</subfield><subfield code="t">US fed doc--national research council: pubdate &gt;= 1927</subfield></datafield><datafield tag="974" ind1=" " ind2=" "><subfield code="b">MIU</subfield><subfield code="c">MIU</subfield><subfield code="d">20210929</subfield><subfield code="s">google</subfield><subfield code="u">mdp.39015035439622</subfield><subfield code="z">1934 Jul - 1945 Jun</subfield><subfield code="y">1945</subfield><subfield code="r">ic</subfield><subfield code="q">bib</subfield><subfield code="t">US fed doc--national research council: pubdate &gt;= 1927</subfield></datafield><datafield tag="974" ind1=" " ind2=" "><subfield code="b">UMN</subfield><subfield code="c">UMN</subfield><subfield code="d">20220411</subfield><subfield code="s">google</subfield><subfield code="u">umn.31951p01139509z</subfield><subfield code="z">1921/22</subfield><subfield code="y">1922</subfield><subfield code="r">pd</subfield><subfield code="q">bib</subfield><subfield code="t">US fed doc--national research council: pubdate &lt; 1927</subfield></datafield><datafield tag="974" ind1=" " ind2=" "><subfield code="b">CHI</subfield><subfield code="c">CHI</subfield><subfield code="d">20220421</subfield><subfield code="s">google</subfield><subfield code="u">chi.16700319</subfield><subfield code="z">c.1 1921/22-1930/31</subfield><subfield code="y">1930</subfield><subfield code="r">pdus</subfield><subfield code="q">gfv</subfield></datafield><datafield tag="974" ind1=" " ind2=" "><subfield code="b">CHI</subfield><subfield code="c">CHI</subfield><subfield code="d">20220217</subfield><subfield code="s">google</subfield><subfield code="u">chi.20811221</subfield><subfield code="z">c.1 1918-21</subfield><subfield code="y">1921</subfield><subfield code="r">pd</subfield><subfield code="q">bib</subfield><subfield code="t">US fed doc--national research council: pubdate &lt; 1927</subfield></datafield></record>